<?xml version="1.0" encoding="UTF-8"?><collection xmlns="http://www.loc.gov/MARC21/slim"><record><leader>00437nam--2200133-i-4500</leader><controlfield tag="001">000001640</controlfield><controlfield tag="002">20161230</controlfield><controlfield tag="005">20161230201024</controlfield><controlfield tag="008">060222s1000------------r-----000-0-eng-d</controlfield><datafield ind1=" " ind2=" " tag="080"><subfield code="a">621.311.2:621.039:001.89</subfield></datafield><datafield ind1=" " ind2=" " tag="100"><subfield code="a">Donnelly, Warren H</subfield></datafield><datafield ind1=" " ind2=" " tag="245"><subfield code="a">Commercial nuclear power in europe : the interaction of american diplomacy with a new technology</subfield></datafield><datafield ind1=" " ind2=" " tag="260"><subfield code="a">Washington, U.S.Government Printing Office, 1972. Ix + 163 P</subfield></datafield><datafield ind1=" " ind2=" " tag="852"><subfield code="a">42197</subfield></datafield></record></collection>